<record><leader>00000cas a22000007a 4500</leader><controlfield tag="001">26155839</controlfield><controlfield tag="008">920709d18811892scuwr ne      0    0eng d</controlfield><datafield ind1=" " ind2=" " tag="010"><subfield code="a">sn 92065575 </subfield></datafield><datafield ind1=" " ind2=" " tag="040"><subfield code="a">SVN</subfield><subfield code="b">eng</subfield><subfield code="c">SVN</subfield><subfield code="d">OCLCQ</subfield></datafield><datafield ind1=" " ind2=" " tag="042"><subfield code="a">msc</subfield></datafield><datafield ind1="0" ind2="4" tag="245"><subfield code="a">The Sumter advance.</subfield></datafield><datafield ind1=" " ind2=" " tag="260"><subfield code="a">Sumter, S.C. :</subfield><subfield code="b">Darr and Parmelee</subfield></datafield><datafield ind1=" " ind2=" " tag="300"><subfield code="a">v.</subfield></datafield><datafield ind1=" " ind2=" " tag="310"><subfield code="a">Weekly</subfield></datafield><datafield ind1="1" ind2=" " tag="362"><subfield code="a">Began in 1881.</subfield><subfield code="z">Moore, South Carolina Newspapers.</subfield></datafield><datafield ind1="0" ind2=" " tag="362"><subfield code="a">-v. 7, no. 5 (Oct. 1, 1892).</subfield></datafield><datafield ind1=" " ind2=" " tag="588"><subfield code="a">Description based on: Vol. 2, no. 5 (Aug. 28, 1882).</subfield></datafield><datafield ind1=" " ind2="4" tag="651"><subfield code="a">Sumter County (S.C.)</subfield><subfield code="v">Newspapers.</subfield></datafield><datafield ind1=" " ind2=" " tag="752"><subfield code="a">United States</subfield><subfield code="b">South Carolina</subfield><subfield code="c">Sumter</subfield><subfield code="d">Sumter.</subfield></datafield><datafield ind1="0" ind2="0" tag="785"><subfield code="t">Sumter herald</subfield><subfield code="w">(DLC)sn 86063747</subfield></datafield><datafield ind1="1" ind2=" " tag="029"><subfield code="a">AU@</subfield><subfield code="b">000020750030</subfield></datafield></record>